@article{Brusov2023,
  author     = {Brusov, Peter and Filatova, Tatiana},
  doi        = {10.3390/math11030616},
  journal    = {Mathematics},
  key        = {Brusov2023},
  langid     = {english},
  number     = {3},
  pages      = {1--30},
  publisher  = {MDPI},
  shorttitle = {Capital Structure Theory},
  title      = {Capital Structure Theory: Past, Present, Future},
  urldate    = {2023-12-25},
  volume     = {11},
  year       = {2023}
}

@phdthesis{Cao2018,
  author  = {曹, 诗雅},
  key     = {Cao2018},
  langid  = {chinese},
  school  = {山东理工大学},
  title   = {MCY公司资本结构分析及优化研究},
  type    = {硕士},
  urldate = {2023-01-20},
  year    = {2018}
}
@phdthesis{Dong2022,
  type = {硕士},
  key = {Dong2022},
  title = {新能源行业上市公司投资价值分析},
  author = {董, 文慧},
  year = {2022},
  doi = {10.27351/d.cnki.gszhu.2022.001976},
  urldate = {2024-03-25},
  langid = {chinese},
  school = {苏州大学}
}

@article{Chen2022,
  author  = {陈, 良华 and 叶, 茂然 and 迟, 颖颖},
  doi     = {10.13916/j.cnki.issn1671-511x.2022.03.014},
  issn    = {1671-511X},
  journal = {东南大学学报(哲学社会科学版)},
  key     = {Chen2022},
  langid  = {chinese},
  number  = {03},
  pages   = {31-39+146},
  title   = {资本结构动态调整的目标资本结构优化研究——来自中国房地产上市公司的经验证据},
  urldate = {2023-01-30},
  volume  = {24},
  year    = {2022}
}

@article{Dai2022,
  author  = {戴, 婷婷},
  issn    = {1000-9671},
  journal = {现代企业},
  key     = {Dai2022},
  langid  = {chinese},
  number  = {07},
  pages   = {135--137},
  title   = {公司资本结构优化决策应用的现实意义——以A上市公司为例},
  urldate = {2023-01-20},
  year    = {2022}
}

@phdthesis{Dong2019,
  author  = {董, 希莲},
  key     = {Dong2019},
  langid  = {chinese},
  school  = {吉林大学},
  title   = {我国上市公司资本结构优化分析},
  type    = {硕士},
  urldate = {2023-01-30},
  year    = {2019}
}

@phdthesis{Du2016,
  author  = {杜, 野},
  key     = {Du2016},
  langid  = {chinese},
  school  = {吉林大学},
  title   = {贵州茅台股份公司资本结构优化研究},
  type    = {硕士},
  urldate = {2023-01-20},
  year    = {2016}
}

@article{Gu2022,
  author  = {顾, 婕},
  doi     = {10.16517/j.cnki.cn12-1034/f.2022.09.006},
  issn    = {1003-3475},
  journal = {经营与管理},
  key     = {Gu2022},
  langid  = {chinese},
  number  = {09},
  pages   = {54--59},
  title   = {资本结构的动态调整和影响因素——以旅游上市公司为例},
  urldate = {2023-01-20},
  year    = {2022}
}

@phdthesis{Hong2015,
  author  = {洪, 哲},
  key     = {Hong2015},
  langid  = {chinese},
  school  = {湘潭大学},
  title   = {万科地产集团资本结构优化研究},
  type    = {硕士},
  urldate = {2023-01-30},
  year    = {2015}
}

@article{Li2019,
  author  = {李, 陆宁},
  doi     = {10.14013/j.cnki.scxdh.2019.07.008},
  issn    = {1006-3102},
  journal = {商场现代化},
  key     = {Li2019},
  langid  = {chinese},
  number  = {07},
  pages   = {12--13},
  title   = {家电企业资本结构优化问题研究——以格力电器为例},
  urldate = {2023-01-20},
  year    = {2019}
}

@article{Li2019a,
  author     = {Li, Larry and Islam, Silvia Z.},
  doi        = {10.1016/j.iref.2018.10.007},
  journal    = {International Review of Economics \& Finance},
  key        = {Li2019a},
  langid     = {english},
  number     = {C},
  pages      = {425--437},
  publisher  = {Elsevier},
  shorttitle = {Firm and Industry Specific Determinants of Capital Structure},
  title      = {Firm and Industry Specific Determinants of Capital Structure: Evidence from the Australian Market},
  urldate    = {2023-12-25},
  volume     = {59},
  year       = {2019}
}

@article{Li2021,
  author  = {李, 春晓},
  issn    = {1007-9777},
  journal = {中国经贸导刊(中)},
  key     = {Li2021},
  langid  = {chinese},
  number  = {03},
  pages   = {127--128},
  title   = {医药类上市公司资本结构优化研究——以H公司为例},
  urldate = {2023-01-20},
  year    = {2021}
}

@phdthesis{Li2023,
  author       = {李, 宛格},
  collaborator = {郭, 晓勋},
  key          = {Li2023},
  langid       = {chinese},
  school       = {哈尔滨师范大学},
  title        = {HF纸业资本结构优化研究},
  type         = {硕士},
  year         = {2023}
}

@article{Liaqat2021,
  author     = {Liaqat, Idrees and Khan, Muhammad Asif and Popp, József and Oláh, Judit},
  copyright  = {http://creativecommons.org/licenses/by/3.0/},
  doi        = {10.3390/jrfm14090428},
  issn       = {1911-8074},
  journal    = {Journal of Risk and Financial Management},
  key        = {Liaqat2021},
  langid     = {english},
  month      = {9},
  number     = {9},
  pages      = {428},
  publisher  = {Multidisciplinary Digital Publishing Institute},
  shorttitle = {Industry, Firm, and Country Level Dynamics of Capital Structure},
  title      = {Industry, Firm, and Country Level Dynamics of Capital Structure: A Case of Pakistani Firms},
  urldate    = {2023-12-25},
  volume     = {14},
  year       = {2021}
}

@phdthesis{Liu2017,
  author  = {刘, 群},
  key     = {Liu2017},
  langid  = {chinese},
  school  = {深圳大学},
  title   = {K公司资本结构优化研究},
  type    = {硕士},
  urldate = {2023-01-20},
  year    = {2017}
}

@phdthesis{Liu2019,
  author  = {刘, 会丽},
  key     = {Liu2019},
  langid  = {chinese},
  school  = {吉林大学},
  title   = {苏宁易购集团股份有限公司资本结构优化研究},
  type    = {硕士},
  urldate = {2023-01-20},
  year    = {2019}
}

@phdthesis{Liu2022,
  author  = {刘, 美娜},
  doi     = {10.27123/d.cnki.ghlju.2022.000695},
  key     = {Liu2022},
  langid  = {chinese},
  school  = {黑龙江大学},
  title   = {京东集团资本结构影响因素及优化研究},
  type    = {硕士},
  urldate = {2023-01-20},
  year    = {2022}
}

@article{Liu2023,
  author  = {刘, 顺通 and 杨, 博宇 and 汪, 成豪 and 胡, 毅},
  doi     = {10.14120/j.cnki.cn11-5057/f.2023.10.011},
  issn    = {1003-1952},
  journal = {管理评论},
  key     = {Liu2023},
  langid  = {chinese},
  number  = {10},
  pages   = {22--32},
  title   = {宏观经济条件与企业资本结构：来自中国上市公司的经验证据},
  volume  = {35},
  year    = {2023}
}

@article{Ma2022,
  author  = {马, 毓璟 and 孔, 陇},
  issn    = {1007-9378},
  journal = {当代经济},
  key     = {Ma2022},
  langid  = {chinese},
  number  = {10},
  pages   = {79--85},
  title   = {基于AHP-熵权法和权变理论的企业资本结构优化研究——以吉电股份为例},
  urldate = {2023-01-20},
  volume  = {39},
  year    = {2022}
}

@article{Mbulawa2020,
  author    = {Mbulawa, Strike and Okurut, Nathan F. and Ntsosa, Mogale and Sinha, Narain},
  doi       = {10.1177/0974910120919023},
  journal   = {Global Journal of Emerging Market Economies},
  key       = {Mbulawa2020},
  langid    = {english},
  number    = {2},
  pages     = {158--177},
  publisher = {Emerging Markets Forum},
  title     = {Optimal Capital Structure and Speed of Adjustment under Hyperinflation and Dollarization},
  urldate   = {2023-12-25},
  volume    = {12},
  year      = {2020}
}

@phdthesis{Meng2020,
  author  = {孟, 燕凤},
  doi     = {10.27400/d.cnki.gxasc.2020.000091},
  key     = {Meng2020},
  langid  = {chinese},
  school  = {西安石油大学},
  title   = {X公司资本结构分析及优化研究},
  type    = {硕士},
  urldate = {2023-01-20},
  year    = {2020}
}

@article{Modigliani1958,
  author     = {Modigliani, Franco and Miller, Merton H.},
  eprint     = {1809766},
  eprinttype = {jstor},
  issn       = {00028282},
  journal    = {The American Economic Review},
  key        = {Modigliani1958},
  langid     = {english},
  number     = {3},
  pages      = {261--297},
  publisher  = {American Economic Association},
  title      = {The Cost of Capital, Corporation Finance and the Theory of Investment},
  urldate    = {2023-12-25},
  volume     = {48},
  year       = {1958}
}

@phdthesis{Shen2022,
  author  = {沈, 斌雯},
  doi     = {10.27732/d.cnki.gnzsx.2022.000209},
  key     = {Shen2022},
  langid  = {chinese},
  school  = {兰州财经大学},
  title   = {苏泊尔资本结构优化研究},
  type    = {硕士},
  urldate = {2023-01-20},
  year    = {2022}
}

@phdthesis{Song2021,
  author  = {宋, 爽},
  doi     = {10.27235/d.cnki.gnjiu.2021.002026},
  key     = {Song2021},
  langid  = {chinese},
  school  = {南京大学},
  title   = {PPP交通项目运营阶段的动态资本结构优化研究},
  type    = {硕士},
  urldate = {2023-01-20},
  year    = {2021}
}

@article{Spitsin2020,
  author     = {Spitsin, Vladislav and Vuković, Darko and Anokhin, Sergey and Spitsina, Lubov},
  doi        = {10.1108/JES-09-2019-0444},
  issn       = {0144-3585},
  journal    = {Journal of Economic Studies},
  key        = {Spitsin2020},
  langid     = {english},
  number     = {2},
  pages      = {313--332},
  publisher  = {Emerald Group Publishing Limited},
  shorttitle = {Company Performance and Optimal Capital Structure},
  title      = {Company Performance and Optimal Capital Structure: Evidence of Transition Economy (Russia)},
  urldate    = {2023-12-25},
  volume     = {48},
  year       = {2020}
}

@article{Su2022,
  author  = {苏, 蕴琦},
  issn    = {2096-4714},
  journal = {产业创新研究},
  key     = {Su2022},
  langid  = {chinese},
  number  = {09},
  pages   = {128--130},
  title   = {中国平安保险股份有限公司资本结构优化问题研究},
  urldate = {2023-01-20},
  year    = {2022}
}

@phdthesis{Sun2020,
  author  = {孙, 子婷},
  doi     = {10.27405/d.cnki.gxbdu.2020.002056},
  key     = {Sun2020},
  langid  = {chinese},
  school  = {西北大学},
  title   = {比亚迪新能源汽车融资结构优化研究},
  type    = {硕士},
  urldate = {2023-01-20},
  year    = {2020}
}

@article{Wan2022,
  author  = {万, 良伟},
  issn    = {1005-0167},
  journal = {浙江金融},
  key     = {Wan2022},
  langid  = {chinese},
  number  = {01},
  pages   = {59-69+28},
  title   = {金融结构与企业资本结构动态调整关系的实证研究},
  urldate = {2023-01-20},
  year    = {2022}
}

@phdthesis{Wang2008,
  author  = {王, 斐},
  key     = {Wang2008},
  langid  = {chinese},
  school  = {浙江大学},
  title   = {房地产上市公司资本结构影响因素的实证研究},
  type    = {硕士},
  urldate = {2023-01-20},
  year    = {2008}
}

@article{Wang2021,
  author  = {王, 赛赛},
  doi     = {10.14097/j.cnki.5392/2021.06.018},
  issn    = {1673-5889},
  journal = {现代商业},
  key     = {Wang2021},
  langid  = {chinese},
  number  = {06},
  pages   = {57--60},
  title   = {基于MM理论的资本结构优化分析——以万科集团为例},
  urldate = {2023-01-20},
  year    = {2021}
}

@phdthesis{Wangchen2022,
  author  = {王晨},
  doi     = {10.27727/d.cnki.gwhxc.2022.000469},
  key     = {Wangchen2022},
  langid  = {chinese},
  school  = {武汉工程大学},
  title   = {L公司资本结构优化研究},
  type    = {硕士},
  urldate = {2023-01-20},
  year    = {2022}
}

@article{Xiong2022,
  author  = {熊, 梓含},
  doi     = {10.14013/j.cnki.scxdh.2022.11.044},
  issn    = {1006-3102},
  journal = {商场现代化},
  key     = {Xiong2022},
  langid  = {chinese},
  number  = {11},
  pages   = {135--137},
  title   = {家电行业资本结构存在的问题及其优化策略研究——以A企业为例},
  urldate = {2023-01-20},
  year    = {2022}
}

@article{Xu2022,
  author  = {许, 波 and 郭, 蕊},
  issn    = {1672-3414},
  journal = {投资与创业},
  key     = {Xu2022},
  langid  = {chinese},
  number  = {14},
  pages   = {7--9},
  title   = {A地产公司资本结构优化研究},
  urldate = {2023-01-20},
  volume  = {33},
  year    = {2022}
}

@article{Xu2022a,
  author  = {徐, 金球},
  doi     = {10.16537/j.cnki.jynufe.000788},
  issn    = {1674-4543},
  journal = {云南财经大学学报},
  key     = {Xu2022a},
  langid  = {chinese},
  number  = {06},
  pages   = {60--70},
  title   = {新冠肺炎疫情冲击下的企业资本结构与最优杠杆率研究——基于中国上市公司的经验证据},
  urldate = {2023-01-30},
  volume  = {38},
  year    = {2022}
}

@phdthesis{Yang2014,
  author  = {杨, 飞},
  key     = {Yang2014},
  langid  = {chinese},
  school  = {清华大学},
  title   = {中国房地产上市公司资本结构优化调整研究},
  type    = {博士},
  urldate = {2023-01-20},
  year    = {2014}
}

@article{Yang2020,
  author  = {杨, 悦辰 and 潘, 恒},
  issn    = {1001-828X},
  journal = {现代经济信息},
  key     = {Yang2020},
  langid  = {chinese},
  number  = {13},
  pages   = {140--141},
  title   = {医药类上市公司资本结构优化研究——以A公司为例},
  urldate = {2023-01-20},
  year    = {2020}
}

@phdthesis{Yao2022,
  author  = {姚, 孟廷},
  doi     = {10.27274/d.cnki.gsdjc.2022.000060},
  key     = {Yao2022},
  langid  = {chinese},
  school  = {山东财经大学},
  title   = {基于多目标规划法的房地产上市企业资本结构优化研究},
  type    = {硕士},
  urldate = {2023-01-20},
  year    = {2022}
}

@article{Yu2017,
  author  = {于, 雅静 and 薄, 建奎},
  issn    = {1671-8771},
  journal = {西部财会},
  key     = {Yu2017},
  langid  = {chinese},
  number  = {06},
  pages   = {43--46},
  title   = {我国上市公司资本结构优化研究——以云南白药为例},
  urldate = {2023-01-30},
  year    = {2017}
}

@article{Zhang2014,
  author  = {张, 红 and 杨, 飞 and 张, 志峰},
  issn    = {1004-4833},
  journal = {审计与经济研究},
  key     = {Zhang2014},
  langid  = {chinese},
  number  = {01},
  pages   = {77--85},
  title   = {我国房地产上市公司资本结构变化特征研究——基于最优资本结构的视角},
  urldate = {2023-01-30},
  volume  = {29},
  year    = {2014}
}

@article{Zhang2022,
  author  = {张, 颖 and 曾, 景彤},
  doi     = {10.16525/j.cnki.14-1362/n.2022.11.074},
  issn    = {2095-0748},
  journal = {现代工业经济和信息化},
  key     = {Zhang2022},
  langid  = {chinese},
  number  = {11},
  pages   = {188-189+192},
  title   = {最优资本结构定量模型应用研究——以DS工业为例},
  urldate = {2023-01-20},
  volume  = {12},
  year    = {2022}
}

@phdthesis{Zhang2022a,
  author  = {张, 翔},
  doi     = {10.27145/d.cnki.ghddc.2022.000530},
  key     = {Zhang2022a},
  langid  = {chinese},
  school  = {东华理工大学},
  title   = {房地产上市公司资本结构优化研究},
  type    = {硕士},
  urldate = {2023-01-20},
  year    = {2022}
}

@article{Zhu2022,
  author  = {朱, 波 and 陈, 平社},
  issn    = {1000-4769},
  journal = {社会科学研究},
  key     = {Zhu2022},
  langid  = {chinese},
  number  = {04},
  pages   = {127--140},
  title   = {系统性金融风险对企业资本结构动态调整的影响及机制分析},
  urldate = {2023-01-20},
  year    = {2022}
}

@phdthesis{Zhu2023,
  author       = {朱, 婧铭},
  collaborator = {范, 亚东 and 隋, 文辉},
  key          = {Zhu2023},
  langid       = {chinese},
  school       = {东北农业大学},
  title        = {房地产上市公司资本结构优化研究},
  type         = {硕士},
  year         = {2023}
}

@article{Zuo2020,
  author  = {左, 武高 and 许, 瀚霖 and 赵, 彩杰 and 陈, 凯秋},
  issn    = {1672-8661},
  journal = {时代金融},
  key     = {Zuo2020},
  langid  = {chinese},
  number  = {02},
  pages   = {47--49},
  title   = {节能环保行业中小板上市公司资本结构的优化模型分析},
  urldate = {2023-01-20},
  year    = {2020}
}
